  @PhdThesis{Berman:1970,
    author =   {Joel Berman},
    title =   {Congruence lattices of finite universal algebras},
    school =   {University of Washington},
    year =   {1970},
    url={http://db.tt/mXUVTzSr}
  }
  @book {Dixon:1996,
    AUTHOR = {Dixon, John D. and Mortimer, Brian},
    TITLE = {Permutation groups},
    SERIES = {Graduate Texts in Mathematics},
    VOLUME = {163},
    PUBLISHER = {Springer-Verlag},
    ADDRESS = {New York},
    YEAR = {1996},
    PAGES = {xii+346},
    ISBN = {0-387-94599-7},
    MRCLASS = {20B05 (20-01 20B07)},
    MRNUMBER = {1409812 (98m:20003)},
    MRREVIEWER = {Martin W. Liebeck},
  }
  @book{Jonsson:1972,
    AUTHOR = {J{\'o}nsson, Bjarni},
    TITLE = {Topics in universal algebra},
    SERIES = {Lecture Notes in Mathematics, Vol. 250},
    PUBLISHER = {Springer-Verlag},
    ADDRESS = {Berlin},
    YEAR = {1972},
    PAGES = {vi+220},
    MRCLASS = {08A25},
    MRNUMBER = {0345895 (49 \#10625)},
    MRREVIEWER = {Joel Berman},
  }
  @article {Kurzweil:1985,
    AUTHOR = {Kurzweil, Hans},
    TITLE = {Endliche {G}ruppen mit vielen {U}ntergruppen},
    JOURNAL = {J. Reine Angew. Math.},
    FJOURNAL = {Journal f\"ur die Reine und Angewandte Mathematik},
    VOLUME = {356},
    YEAR = {1985},
    PAGES = {140--160},
    ISSN = {0075-4102},
    CODEN = {JRMAA8},
    MRCLASS = {20E15 (20D30)},
    MRNUMBER = {779379 (86f:20024)},
    MRREVIEWER = {Bernd Baumann},
    URL = {http://dx.doi.org/10.1515/crll.1985.356.140}
  }
  @COMMENT url={http://bit.ly/HZhGWU}
  @COMMENT DOI = {10.1515/crll.1985.356.140},

  @article {McKenzie:1984,
    AUTHOR = {McKenzie, Ralph},
    TITLE = {A new product of algebras and a type reduction theorem},
    JOURNAL = {Algebra Universalis},
    FJOURNAL = {Algebra Universalis},
    VOLUME = {18},
    YEAR = {1984},
    NUMBER = {1},
    PAGES = {29--69},
    ISSN = {0002-5240},
    CODEN = {AGUVA3},
    MRCLASS = {08B25 (03C05 08B05)},
    MRNUMBER = {743456 (86h:08011)},
    MRREVIEWER = {Walter Taylor},
    URL = {http://dx.doi.org/10.1007/BF01182247}
  }
  @COMMENT       DOI = {10.1007/BF01182247},
  @BOOK{alvi:1987,
    AUTHOR = {McKenzie, Ralph N. and McNulty, George F. and Taylor, Walter F.},
    TITLE = {Algebras, lattices, varieties. {V}ol. {I}},
    PUBLISHER = {Wadsworth \& Brooks/Cole},
    ADDRESS = {Monterey, CA},
    YEAR = {1987},
    PAGES = {xvi+361},
    ISBN = {0-534-07651-3},
    MRCLASS = {08-01 (06-01)},
    MRNUMBER = {883644 (88e:08001)},
    MRREVIEWER = {Gudrun Kalmbach},
  }
  @Unpublished{Netter:1986,
    author =   {Netter, R.},
    title =   {Eine Bemerkung zu Kongruenzverbanden},
    note =   {preprint},
    OPTkey =   {},
    OPTmonth =   {},
    year =   {1986},
    OPTannote =   {}
  }
  @Misc{Palfy:2009,
    OPTkey =   {},
    author =   {P{\'a}lfy, P{\'e}ter P{\'a}l},
    title =   {The finite congruence lattice problem},
    OPThowpublished = {},
    month =   {September},
    year =   {2009},
    note =   {Summer School on General Algebra and Ordered Sets Star{\'a} Lesn{\'a},  6, 2009},
    url={http://db.tt/DydVmisY}
  }
  @COMMENT url={http://db.tt/TjlPzYqu,http://db.tt/JMa1iksw,http://db.tt/DydVmisY}
  @article {Pudlak:1980,
    AUTHOR = {Pudl{\'a}k, Pavel and T{\.u}ma, Ji{\v{r}}{\'{\i}}},
    TITLE = {Every finite lattice can be embedded in a finite partition
      lattice},
    JOURNAL = {Algebra Universalis},
    FJOURNAL = {Algebra Universalis},
    VOLUME = {10},
    YEAR = {1980},
    NUMBER = {1},
    PAGES = {74--95},
    ISSN = {0002-5240},
    MRCLASS = {06B15 (05C99)},
    MRNUMBER = {552159 (81e:06013)},
    MRREVIEWER = {James W. Lea, Jr.},
    URL = {http://dx.doi.org/10.1007/BF02482893}
  }
  @COMMENT       DOI = {10.1007/BF02482893},
  @article {Quack:1971,
    AUTHOR = {Quackenbush, R. and Wolk, B.},
    TITLE = {Strong representation of congruence lattices},
    JOURNAL = {Algebra Universalis},
    FJOURNAL = {Algebra Universalis},
    VOLUME = {1},
    YEAR = {1971/72},
    PAGES = {165--166},
    ISSN = {0002-5240},
    MRCLASS = {06A35},
    MRNUMBER = {0295980 (45 \#5041)},
    MRREVIEWER = {R. Balbes},
  }
  @article {Snow:2000,
    AUTHOR = {Snow, John W.},
    TITLE = {A constructive approach to the finite congruence lattice
      representation problem},
    JOURNAL = {Algebra Universalis},
    FJOURNAL = {Algebra Universalis},
    VOLUME = {43},
    YEAR = {2000},
    NUMBER = {2-3},
    PAGES = {279--293},
    ISSN = {0002-5240},
    CODEN = {AGUVA3},
    MRCLASS = {06B15 (08A30)},
    MRNUMBER = {1774743 (2001f:06015)},
    MRREVIEWER = {Clifford H. Bergman},
    DOI = {10.1007/s000120050159}
  }
  @COMMENT
  @Comment URL = {http://dx.doi.org/10.1007/s000120050159}

  @book {Suzuki:1982,
    AUTHOR = {Suzuki, Michio},
    TITLE = {Group theory. {I}},
    SERIES = {{G}rundlehren der {M}athematischen {W}issenschaften [{F}undamental
        {P}rinciples of {M}athematical {S}ciences]},
    VOLUME = {247},
    NOTE = {Translated from the Japanese by the author},
    PUBLISHER = {Springer-Verlag},
    ADDRESS = {Berlin},
    YEAR = {1982},
    PAGES = {xiv+434},
    ISBN = {3-540-10915-3},
    MRCLASS = {20-01},
    MRNUMBER = {648772 (82k:20001c)},
    MRREVIEWER = {B. Chang}
  }
  @article {Tuma:1986,
    AUTHOR = {T{\ocirc{u}}ma, Ji{\v{r}}{\'{\i}}},
    TITLE = {Some finite congruence lattices. {I}},
    JOURNAL = {Czechoslovak Math. J.},
    FJOURNAL = {Czechoslovak Mathematical Journal},
    VOLUME = {36(111)},
    YEAR = {1986},
    NUMBER = {2},
    PAGES = {298--330},
    ISSN = {0011-4642},
    CODEN = {CZMJAE},
    MRCLASS = {08A30 (20D30)},
    MRNUMBER = {831317 (87i:08006)},
    MRREVIEWER = {Charles S. Holmes},
  }
