

@article{Aschbacher2013,
    AUTHOR = {Aschbacher, Michael},
     TITLE = {Overgroup lattices in finite groups of {L}ie type containing a
              parabolic},
   JOURNAL = {J. Algebra},
  FJOURNAL = {Journal of Algebra},
    VOLUME = {382},
      YEAR = {2013},
     PAGES = {71--99},
      ISSN = {0021-8693},
     CODEN = {JALGA4},
   MRCLASS = {20D06 (20D30)},
  MRNUMBER = {3034474},
MRREVIEWER = {Nadia P. Mazza},
       DOI = {10.1016/j.jalgebra.2013.01.034},
       URL = {http://dx.doi.org/10.1016/j.jalgebra.2013.01.034},
}
		

@article{Aschbacher2012,
    AUTHOR = {Aschbacher, Michael},
     TITLE = {Lower signalizer lattices in alternating and symmetric groups},
   JOURNAL = {J. Group Theory},
  FJOURNAL = {Journal of Group Theory},
    VOLUME = {15},
      YEAR = {2012},
    NUMBER = {2},
     PAGES = {151--225},
      ISSN = {1433-5883},
     CODEN = {JGTHFQ},
   MRCLASS = {20D30 (20B30 20B35)},
  MRNUMBER = {2900223},
MRREVIEWER = {Andrea Lucchini},
       DOI = {10.1515/jgt-2011-0112},
       URL = {http://dx.doi.org/10.1515/jgt-2011-0112},
}
		

@article{Aschbacher2009,
    AUTHOR = {Aschbacher, Michael},
     TITLE = {Overgroups of primitive groups},
   JOURNAL = {J. Aust. Math. Soc.},
  FJOURNAL = {Journal of the Australian Mathematical Society},
    VOLUME = {87},
      YEAR = {2009},
    NUMBER = {1},
     PAGES = {37--82},
      ISSN = {1446-7887},
   MRCLASS = {20B15 (20B35 20D30)},
  MRNUMBER = {2538638 (2011a:20002)},
MRREVIEWER = {Cheryl E. Praeger},
       DOI = {10.1017/S1446788708000785},
       URL = {http://dx.doi.org/10.1017/S1446788708000785},
}
		

@article{AschbacherShareshian2009,
    AUTHOR = {Aschbacher, Michael and Shareshian, John},
     TITLE = {Restrictions on the structure of subgroup lattices of finite
              alternating and symmetric groups},
   JOURNAL = {J. Algebra},
  FJOURNAL = {Journal of Algebra},
    VOLUME = {322},
      YEAR = {2009},
    NUMBER = {7},
     PAGES = {2449--2463},
      ISSN = {0021-8693},
     CODEN = {JALGA4},
   MRCLASS = {20D30 (06B15 20B35)},
  MRNUMBER = {2553689 (2010h:20048)},
MRREVIEWER = {Andrea Lucchini},
       DOI = {10.1016/j.jalgebra.2009.05.042},
       URL = {http://dx.doi.org/10.1016/j.jalgebra.2009.05.042},
}
		

@article{Aschbacher2009:a,
    AUTHOR = {Aschbacher, Michael},
     TITLE = {Overgroups of primitive groups. {II}},
   JOURNAL = {J. Algebra},
  FJOURNAL = {Journal of Algebra},
    VOLUME = {322},
      YEAR = {2009},
    NUMBER = {5},
     PAGES = {1586--1626},
      ISSN = {0021-8693},
     CODEN = {JALGA4},
   MRCLASS = {20B15},
  MRNUMBER = {2543625 (2010h:20004)},
MRREVIEWER = {Andrea Lucchini},
       DOI = {10.1016/j.jalgebra.2009.04.044},
       URL = {http://dx.doi.org/10.1016/j.jalgebra.2009.04.044},
}
		

@article{Aschbacher2009:b,
    AUTHOR = {Aschbacher, Michael},
     TITLE = {Signalizer lattices in finite groups},
   JOURNAL = {Michigan Math. J.},
  FJOURNAL = {Michigan Mathematical Journal},
    VOLUME = {58},
      YEAR = {2009},
    NUMBER = {1},
     PAGES = {79--103},
      ISSN = {0026-2285},
   MRCLASS = {20D30 (06B05)},
  MRNUMBER = {2526079 (2010d:20027)},
MRREVIEWER = {Andrea Lucchini},
       DOI = {10.1307/mmj/1242071684},
       URL = {http://dx.doi.org/10.1307/mmj/1242071684},
}
		

@article{Aschbacher2008,
    AUTHOR = {Aschbacher, Michael},
     TITLE = {On intervals in subgroup lattices of finite groups},
   JOURNAL = {J. Amer. Math. Soc.},
  FJOURNAL = {Journal of the American Mathematical Society},
    VOLUME = {21},
      YEAR = {2008},
    NUMBER = {3},
     PAGES = {809--830},
      ISSN = {0894-0347},
   MRCLASS = {20D30 (06B05 46L37)},
  MRNUMBER = {2393428 (2008m:20036)},
MRREVIEWER = {Andrea Lucchini},
       DOI = {10.1090/S0894-0347-08-00602-4},
       URL = {http://dx.doi.org/10.1090/S0894-0347-08-00602-4},
}
		
@article{Shareshian2003,
    AUTHOR = {Shareshian, John},
     TITLE = {Topology of order complexes of intervals in subgroup lattices},
   JOURNAL = {J. Algebra},
  FJOURNAL = {Journal of Algebra},
    VOLUME = {268},
      YEAR = {2003},
    NUMBER = {2},
     PAGES = {677--686},
      ISSN = {0021-8693},
     CODEN = {JALGA4},
   MRCLASS = {20D30},
  MRNUMBER = {2009327 (2004h:20032)},
MRREVIEWER = {Andrea Lucchini},
       DOI = {10.1016/S0021-8693(03)00274-6},
       URL = {http://dx.doi.org/10.1016/S0021-8693(03)00274-6},
}

